<record><leader>00000cas a22000007a 4500</leader><controlfield tag="001">65628380</controlfield><controlfield tag="008">060407c20059999caumr ne      0   e0chi c</controlfield><datafield ind1=" " ind2=" " tag="010"><subfield code="a">  2006213335</subfield></datafield><datafield ind1=" " ind2=" " tag="040"><subfield code="a">NSD</subfield><subfield code="b">eng</subfield><subfield code="c">NSD</subfield><subfield code="d">OCLCQ</subfield></datafield><datafield ind1=" " ind2=" " tag="012"><subfield code="l">1</subfield></datafield><datafield ind1="0" ind2=" " tag="022"><subfield code="a">1931-3829</subfield><subfield code="l">1931-3829</subfield><subfield code="2">1</subfield></datafield><datafield ind1=" " ind2=" " tag="037"><subfield code="b">Times Tribune Foundation, 5306 La Madera Ave., El Monte, CA 91732</subfield></datafield><datafield ind1=" " ind2=" " tag="042"><subfield code="a">msc</subfield><subfield code="a">nsdp</subfield></datafield><datafield ind1="1" ind2="0" tag="050"><subfield code="a">ISSN RECORD</subfield></datafield><datafield ind1="1" ind2="0" tag="082"><subfield code="a">071</subfield><subfield code="2">13</subfield></datafield><datafield ind1=" " ind2="0" tag="222"><subfield code="a">Shi zhong lun tan</subfield></datafield><datafield ind1="0" ind2="0" tag="245"><subfield code="a">Shi zhong lun tan =</subfield><subfield code="b">Times tribune.</subfield></datafield><datafield ind1="3" ind2="0" tag="246"><subfield code="a">Times tribune</subfield></datafield><datafield ind1=" " ind2=" " tag="260"><subfield code="a">Alhambra, CA :</subfield><subfield code="b">[Times Tribune Foundation]</subfield></datafield><datafield ind1=" " ind2=" " tag="300"><subfield code="a">v. :</subfield><subfield code="b">ill. ;</subfield><subfield code="c">58 cm.</subfield></datafield><datafield ind1=" " ind2=" " tag="310"><subfield code="a">Monthly</subfield></datafield><datafield ind1="1" ind2=" " tag="362"><subfield code="a">Began in 2005.</subfield></datafield><datafield ind1=" " ind2=" " tag="588"><subfield code="a">Description based on: Di 3 qi (2005 nian 10 yue); title from caption.</subfield></datafield><datafield ind1=" " ind2=" " tag="588"><subfield code="a">Latest issue consulted: Zong di 5 qi (2006 nian 1 yue).</subfield></datafield><datafield ind1="2" ind2=" " tag="710"><subfield code="a">Times Tribune Foundation.</subfield></datafield><datafield ind1=" " ind2=" " tag="752"><subfield code="a">United States</subfield><subfield code="b">California</subfield><subfield code="d">Alhambra.</subfield></datafield><datafield ind1="1" ind2=" " tag="029"><subfield code="a">AU@</subfield><subfield code="b">000040190170</subfield></datafield></record>